%
%  An example of a bibliographical database for bibTeX
%
%  Recommended software for maintenance of *.bib files:
%    JabRef, http://jabref.sourceforge.net/
%
%  BEWARE:
%
%    *  If a name contains a capital letter, which must be kept such,
%       use curly brackets ({T}hailand, {HIV}).
%
%  ===========================================================================

@misc{ electron,
   author = {Electron},
   title = {Electron},
   year = {2018},
   howpublished = {\url{https://electronjs.org/}},
   note = {[Online; version 2018-12-16]}
}

@misc{ osMarketShare,
   author = {StatCounter},
   title = {Desktop {O}perating {S}ystem {M}arket {S}hare {W}orldwide},
   year = {2018},
   howpublished = {\url{http://gs.statcounter.com/os-market-share/desktop/worldwide}},
   note = {[Online; version 2018-12-16]}
}

@misc{ cef,
   author = {Chromium Embedded Framework},
   title = {Chromium {E}mbedded {F}ramework},
   year = {2018},
   howpublished = {\url{https://bitbucket.org/chromiumembedded/cef}},
   note = {[Online; version 2018-12-16]}
}

@misc{ firebase,
   author = {Google},
   title = {Firebase},
   year = {2019},
   howpublished = {\url{https://firebase.google.com}},
   note = {[Online; version 2019-01-27]}
}

@misc{ firebaseDocs,
   author = {Google},
   title = {Firebase},
   year = {2019},
   howpublished = {\url{https://firebase.google.com/docs/database}},
   note = {[Online; version 2019-01-27]}
}

@misc{ qt,
   author = {The Qt Company},
   title = {Qt},
   year = {2019},
   howpublished = {\url{https://www.qt.io/}},
   note = {[Online; version 2019-04-27]}
}

@misc{ sqlite,
	author = {SQLite},
	title = {SQLite},
	year = {2019},
	howpublished = {\url{https://www.sqlite.org}},
	note = {[Online; version 2019-04-27]}
}

@misc{ cpprestsdk,
	author = {Microsoft},
	title = {C++ REST SDK},
	year = {2019},
	howpublished = {\url{https://github.com/Microsoft/cpprestsdk}},
	note = {[Online; version 2019-04-27]}
}

@misc{ ffmpeg,
	author = {FFmpeg},
	title = {FFmpeg},
	year = {2019},
	howpublished = {\url{https://ffmpeg.org/about}},
	note = {[Online; version 2019-04-27]}
}

@misc{ portaudio,
	author = {PortAudio community},
	title = {PortAudio},
	year = {2019},
	howpublished = {\url{http://www.portaudio.com/}},
	note = {[Online; version 2019-04-27]}
}

@misc{ beast,
	author = {Vinnie Falco},
	title = {Boost.Beast},
	year = {2019},
	howpublished = {\url{https://www.boost.org/doc/libs/1_70_0/libs/beast/doc/html/beast/introduction.html}},
	note = {[Online; version 2019-04-27]}
}

@misc{ cefGithub,
   author = {Chromium Embedded Framework},
   title = {Chromium {E}mbedded {F}ramework},
   year = {2019},
   howpublished = {\url{https://github.com/chromiumembedded/cef}},
   note = {[Online; version 2019-05-22]}
}

@misc{ cefTutorial,
   author = {Chromium Embedded Framework},
   title = {Chromium {E}mbedded {F}ramework},
   year = {2019},
   howpublished = {\url{https://bitbucket.org/chromiumembedded/cef/wiki/GeneralUsage}},
   note = {[Online; version 2019-05-22]}
}

@misc{ angular,
   author = {Google},
   title = {AngularJS website},
   year = {2019},
   howpublished = {\url{https://angularjs.org/}},
   note = {[Online; version 2019-05-22]}
}

@misc{ reactJSX,
   author = {Facebook Inc.},
   title = {Introducing JSX},
   year = {2019},
   howpublished = {\url{https://reactjs.org/docs/introducing-jsx.html}},
   note = {[Online; version 2019-05-22]}
}

@misc{ axios,
   author = {axios},
   title = {axios library},
   year = {2019},
   howpublished = {\url{https://www.npmjs.com/package/axios}},
   note = {[Online; version 2019-05-22]}
}

@misc{ auth0,
   author = {Auth0® Inc},
   title = {Auth0},
   year = {2019},
   howpublished = {\url{https://auth0.com/}},
   note = {[Online; version 2019-07-19]}
}

@misc{ barbox,
   author = {BarBox},
   title = {BarBox},
   year = {2019},
   howpublished = {\url{http://barboxapp.com/main}},
   note = {[Online; version 2019-07-19]}
}

@misc{ noispot,
   author = {Noispot},
   title = {Noispot},
   year = {2019},
   howpublished = {\url{http://noispot.com/}},
   note = {[Online; version 2019-07-19]}
}

@book{IntroToDigitalAudio,
  title={Introduction to Digital Audio Coding and Standards},
  author={Bosi, M. and Goldberg, R.E.},
  isbn={9781461503279},
  series={The Springer International Series in Engineering and Computer Science},
  url={https://books.google.cz/books?id=0f7SBwAAQBAJ},
  year={2012},
  publisher={Springer US}
}


@BOOK{Andel98,
  title = {Statistické metody},
  publisher = {Matfyzpress},
  year = {1998},
  author = {Anděl, J.},
  address = {Praha},
  series = {Druhé přepracované vydání},
  isbn = {80-85863-27-8}
}

@ARTICLE{Cox72,
  author = {Cox, D. R.},
  title = {Regression models and life-tables (with {D}iscussion)},
  journal = {Journal of the Royal Statistical Society, Series B},
  year = {1972},
  volume = {34},
  pages = {187--220},
  number = {2}
}

@ARTICLE{DempsterLairdRubin77,
  author = {Dempster, A. P. and Laird, N. M. and Rubin, D. B.},
  title = {Maximum likelihood from incomplete data via the {EM} algorithm},
  journal = {Journal of the Royal Statistical Society, Series B},
  year = {1977},
  volume = {39},
  pages = {1--38},
  number = {1}
}

@ARTICLE{Genberget08,
  author = {Genberg, B. L. and Kulich, M. and Kawichai, S. and Modiba, P. and
	Chingono, A. and Kilonzo, G. P. and Richter, L. and Pettifor, A.
	and Sweat, M. and Celentano, D. D.},
  title = {{HIV} risk behaviors in Sub-{S}aharan {A}frica and {N}orthern {T}hailand:
	{B}aseline behavioral data from project {A}ccept},
  journal = {Journal of Acquired Immune Deficiency Syndrome},
  year = {2008},
  volume = {49},
  pages = {309--319}
}

@ARTICLE{KaplanMeier58,
  author = {Kaplan, E. L. and Meier, P.},
  title = {Nonparametric estimation from incomplete observations},
  journal = {Journal of the American Statistical Association},
  year = {1958},
  volume = {53},
  pages = {457--481},
  number = {282}
}

@BOOK{LehmannCasella98,
  title = {Theory of Point Estimation},
  publisher = {Springer-Verlag},
  year = {1998},
  author = {Lehmann, E. L. and Casella, G.},
  address = {New York},
  series = {{S}econd {E}dition},
  isbn = {0-387-98502-6}
}

@ARTICLE{Student08,
  author = {Student},
  title = {On the probable error of the mean},
  journal = {Biometrika},
  year = {1908},
  volume = {6},
  pages = {1-25}
}
